@article{bib:ics-article,
    author        = {Tingting Li and Cheng Feng and Chris Hankin},
    title         = {Improving {ICS} Cyber Resilience through Optimal Diversification of Network Resources},
    journal       = {CoRR},
    volume        = {abs/1811.00142},
    year          = {2018},
    url           = {http://arxiv.org/abs/1811.00142},
    archivePrefix = {arXiv},
    eprint        = {1811.00142},
    timestamp     = {Wed, 20 Jan 2021 09:45:30 +0100},
    biburl        = {https://dblp.org/rec/journals/corr/abs-1811-00142.bib},
    bibsource     = {dblp computer science bibliography, https://dblp.org}
}

@misc{bib:rfc1918,
    series       = {Request for Comments},
    number       = {1918},
    howpublished = {RFC 1918},
    publisher    = {RFC Editor},
    doi          = {10.17487/RFC1918},
    url          = {\url{https://rfc-editor.org/rfc/rfc1918.txt}},
    author       = {Robert Moskowitz and Daniel Karrenberg and Yakov Rekhter and Eliot Lear and Geert Jan de Groot},
    title        = {{Address Allocation for Private Internets}},
    pagetotal    = {9},
    year         = {1996},
    month        = {February},
    abstract     = {This document describes address allocation for private internets. This document specifies an Internet Best Current Practices for the Internet Community, and requests discussion and suggestions for improvements.}
}
