@misc{bib:vm-setup-img,
    title        = {Image Portraying a VM-oriented Architecture},
    howpublished = {\url{https://www.docker.com/sites/default/files/d8/2018-11/container-vm-whatcontainer_2.png}},
    note         = {Accessed: 14/06/2021}
}

@misc{bib:container-setup-img,
    title        = {Image Portraying a container-oriented Architecture},
    howpublished = {\url{https://www.docker.com/sites/default/files/d8/2018-11/docker-containerized-appliction-blue-border_2.png}},
    note         = {Accessed: 14/06/2021}
}

@misc{bib:linux-map,
    title        = {Image Portraying the structure of the {Linux} kernel},
    howpublished = {\url{https://upload.wikimedia.org/wikipedia/commons/5/5b/Linux_kernel_map.png}},
    note         = {Accessed: 14/06/2021}
}

@misc{bib:container-lifecycle,
    title        = {Depiction of a {container's} Lifecycle},
    howpublished = {\url{https://miro.medium.com/max/1129/1*vca4e-SjpzSL5H401p4LCg.png}},
    note         = {Accessed: 15/06/2021}
}
