% Entries accept the following fields:
    % title         = "",
    % author        = "",
    % address       = "",
    % edition       = "",
    % note          = "",
    % organization  = "",
    % year          = "",
    % month         = ""

@manual{bib:man-iptables,
    title        = {iptables/ip6tables â€” administration tool for IPv4/IPv6 packet filtering and NAT},
    author       = {Herve Eychenne},
    organization = {iptables Project},
    address      = {\url{http://www.netfilter.org/}},
    edition      = {1.8.4},
    note         = {\url{https://man7.org/linux/man-pages/man8/iptables.8.html}},
    month        = {March},
    year         = {2021}
}

@manual{bib:man-namespaces,
    title        = {namespaces - overview of Linux namespaces},
    author       = {Michael Kerrisk},
    organization = {The Linux man-pages Project},
    address      = {\url{https://www.kernel.org/doc/man-pages/}},
    edition      = {5.11},
    note         = {\url{https://man7.org/linux/man-pages/man7/namespaces.7.html}},
    month        = {March},
    year         = {2021}
}
