@misc{bib:anylogic,
    title        = {{AnyLogic} Simulation Software},
    howpublished = {\url{https://www.anylogic.com}},
    note         = {Accessed: 14/06/2021}
}

@misc{bib:virtualbox,
    title        = {{VirtualBox} Virtualisation Software},
    howpublished = {\url{https://www.virtualbox.org}},
    note         = {Accessed: 14/06/2021}
}

@misc{bib:vmware,
    title        = {{VMWare} Virtualisation Software},
    howpublished = {\url{https://www.vmware.com}},
    note         = {Accessed: 14/06/2021}
}

@misc{bib:docker,
    title        = {{Docker} Container Software},
    howpublished = {\url{https://www.docker.com}},
    note         = {Accessed: 14/06/2021}
}

@misc{bib:kubernetes,
    title        = {{Kubernetes} Orchestration Software},
    howpublished = {\url{https://kubernetes.io}},
    note         = {Accessed: 14/06/2021}
}

@misc{bib:docker-doc,
    title        = {{Docker's} Documentation Portal},
    howpublished = {\url{https://www.docker.com/resources/what-container}},
    note         = {Accessed: 14/06/2021}
}

@misc{bib:bocker,
    title        = {The {bocker} Project},
    howpublished = {\url{https://github.com/p8952/bocker}},
    note         = {Accessed: 14/06/2021}
}

@misc{bib:kubernetes-doc,
    title        = {{Kubernetes} Documentation Portal},
    howpublished = {\url{https://kubernetes.io/docs/home/}},
    note         = {Accessed: 14/06/2021}
}

@misc{bib:wireshark-eth-doc,
    title        = {{WireShark Ethernet} Documentation},
    howpublished = {\url{https://gitlab.com/wireshark/wireshark/-/wikis/Ethernet}},
    note         = {Accessed: 14/06/2021}
}

@misc{bib:net-tools-deprecation,
    title        = {{net-tools} Deprecation Proposal},
    howpublished = {\url{https://lists.debian.org/debian-devel/2009/03/msg00780.html}},
    note         = {Accessed: 14/06/2021}
}
